<record xmlns="http://www.loc.gov/MARC21/slim">
   <leader>04417nam a2200625 a 4500</leader>
   <controlfield tag="001">6741090</controlfield>
   <controlfield tag="003">DcWaAPA</controlfield>
   <controlfield tag="005">20141010084508.0</controlfield>
   <controlfield tag="006">m     o  d        </controlfield>
   <controlfield tag="007">cr</controlfield>
   <controlfield tag="008">141010s2015    dcu     ob    001 0 eng d</controlfield>
   <datafield ind1=" " ind2=" " tag="020">
      <subfield code="z">9781433818080 (print ed.)</subfield>
   </datafield>
   <datafield ind1=" " ind2=" " tag="020">
      <subfield code="z">1433818086 (print ed.)</subfield>
   </datafield>
   <datafield ind1=" " ind2=" " tag="020">
      <subfield code="z">1433818094 (print ed.)</subfield>
   </datafield>
   <datafield ind1=" " ind2=" " tag="020">
      <subfield code="z">9781433818097 (print ed.)</subfield>
   </datafield>
   <datafield ind1=" " ind2=" " tag="035">
      <subfield code="a">ocn892733627</subfield>
   </datafield>
   <datafield ind1=" " ind2=" " tag="039">
      <subfield code="a">exclude</subfield>
   </datafield>
   <datafield ind1=" " ind2=" " tag="040">
      <subfield code="a">DcWaAPA</subfield>
      <subfield code="d">AEU</subfield>
   </datafield>
   <datafield ind1=" " ind2="4" tag="050">
      <subfield code="a">LC4019</subfield>
      <subfield code="b">.B42 2015</subfield>
   </datafield>
   <datafield ind1="0" ind2="4" tag="082">
      <subfield code="a">371.9</subfield>
      <subfield code="2">23</subfield>
   </datafield>
   <datafield ind1=" " ind2=" " tag="090">
      <subfield code="a">Internet Access</subfield>
      <subfield code="b">AEU</subfield>
   </datafield>
   <datafield ind1=" " ind2=" " tag="090">
      <subfield code="a">Internet Access</subfield>
      <subfield code="b">AEC</subfield>
   </datafield>
   <datafield ind1=" " ind2=" " tag="090">
      <subfield code="a">Internet Access</subfield>
      <subfield code="b">AEGMCT</subfield>
   </datafield>
   <datafield ind1="1" ind2=" " tag="100">
      <subfield code="a">Berninger, Virginia Wise.</subfield>
   </datafield>
   <datafield ind1="1" ind2="0" tag="245">
      <subfield code="a">Interdisciplinary frameworks for schools</subfield>
      <subfield code="h">[electronic resource] :</subfield>
      <subfield code="b">best professional practices for serving the needs of all students /</subfield>
      <subfield code="c">Virginia Wise Berninger.</subfield>
   </datafield>
   <datafield ind1=" " ind2=" " tag="260">
      <subfield code="a">Washington, D.C. :</subfield>
      <subfield code="b">American Psychological Association,</subfield>
      <subfield code="c">2015.</subfield>
   </datafield>
   <datafield ind1=" " ind2=" " tag="300">
      <subfield code="a">1 online resource (xi, 383 p.)</subfield>
   </datafield>
   <datafield ind1=" " ind2=" " tag="504">
      <subfield code="a">Including bibliographical references and index.</subfield>
   </datafield>
   <datafield ind1=" " ind2=" " tag="520">
      <subfield code="a">"The idea for this book originated in a workshop on treatment-relevant, differential diagnosis of specific learning disabilities. I presented this workshop at the 2010 Annual Convention of the American Psychological Association (APA), and APA subsequently translated the workshop into an online continuing education course. Although course materials were available online, both APA and I received requests for related hard-copy materials that educational professionals could use. Recognizing the potential of such a resource that could be used by interdisciplinary teams in schools and in the community, APA invited me to prepare such a book and to put related materials on a companion website, and I agreed to do so with input and feedback from an interdisciplinary advisory panel. The full list of advisory panel members appears at the end of this preface. Of this panel, three members also contributed chapters, which appear in Part V. These chapters illustrate the following key ideas: Diversity among students poses challenges for teachers and parents but can be served well by interdisciplinary teams involving community-school partnerships focusing on the whole student (see Chapter 13). Educators are empowered to advocate proactively for the educational needs of all students, whether or not they qualify for pullout services (see Chapter 14). Educators can create more positive school-family relationships and serve the students who struggle with challenging family issues that may affect their ability to learn and behave at school (see Chapter 15)"--Preface. (PsycINFO Database Record (c) 2014 APA, all rights reserved).</subfield>
   </datafield>
   <datafield ind1=" " ind2=" " tag="533">
      <subfield code="a">Electronic reproduction.</subfield>
      <subfield code="b">Washington, D.C. :</subfield>
      <subfield code="c">American Psychological Association,</subfield>
      <subfield code="d">2014.</subfield>
      <subfield code="n">Available via World Wide Web.</subfield>
      <subfield code="n">Access limited by licensing agreement.</subfield>
      <subfield code="7">s2014    dcunns</subfield>
   </datafield>
   <datafield ind1=" " ind2=" " tag="596">
      <subfield code="a">21 44 57</subfield>
   </datafield>
   <datafield ind1=" " ind2="0" tag="650">
      <subfield code="a">Children with disabilities</subfield>
      <subfield code="x">Education.</subfield>
   </datafield>
   <datafield ind1=" " ind2="0" tag="650">
      <subfield code="a">Children with disabilities</subfield>
      <subfield code="x">Psychological testing.</subfield>
   </datafield>
   <datafield ind1=" " ind2="0" tag="650">
      <subfield code="a">Interdisciplinary approach in education.</subfield>
   </datafield>
   <datafield ind1=" " ind2="0" tag="650">
      <subfield code="a">Education</subfield>
      <subfield code="x">Evaluation.</subfield>
   </datafield>
   <datafield ind1=" " ind2="0" tag="650">
      <subfield code="a">Needs assessment.</subfield>
   </datafield>
   <datafield ind1=" " ind2="0" tag="650">
      <subfield code="a">Learning, Psychology of.</subfield>
   </datafield>
   <datafield ind1=" " ind2="0" tag="650">
      <subfield code="a">Learning</subfield>
      <subfield code="x">Physiological aspects.</subfield>
   </datafield>
   <datafield ind1=" " ind2="0" tag="650">
      <subfield code="a">Brain.</subfield>
   </datafield>
   <datafield ind1=" " ind2="2" tag="650">
      <subfield code="a">Disabled Children</subfield>
      <subfield code="x">education.</subfield>
   </datafield>
   <datafield ind1=" " ind2="2" tag="650">
      <subfield code="a">Disabled Children</subfield>
      <subfield code="x">psychology.</subfield>
   </datafield>
   <datafield ind1=" " ind2="2" tag="650">
      <subfield code="a">Interdisciplinary Studies.</subfield>
   </datafield>
   <datafield ind1=" " ind2="2" tag="650">
      <subfield code="a">Education.</subfield>
   </datafield>
   <datafield ind1=" " ind2="2" tag="650">
      <subfield code="a">Needs Assessment.</subfield>
   </datafield>
   <datafield ind1=" " ind2="2" tag="650">
      <subfield code="a">Psychology, Educational.</subfield>
   </datafield>
   <datafield ind1=" " ind2="2" tag="650">
      <subfield code="a">Brain.</subfield>
   </datafield>
   <datafield ind1="4" ind2="0" tag="856">
      <subfield code="3">University of Alberta Access</subfield>
      <subfield code="u">http://ovidsp.ovid.com/ovidweb.cgi?T=JS&amp;NEWS=N&amp;PAGE=toc&amp;SEARCH=2014-08456.dd&amp;LINKTYPE=asBody&amp;D=psbk</subfield>
   </datafield>
   <datafield ind1="4" ind2="0" tag="856">
      <subfield code="3">MacEwan University Access</subfield>
      <subfield code="u">http://search.ebscohost.com/direct.asp?db=pzh&amp;jid=%22201408456%22&amp;scope=site</subfield>
   </datafield>
   <datafield ind1="4" ind2="0" tag="856">
      <subfield code="3">Concordia University of Edmonton Access</subfield>
      <subfield code="u">http://search.ebscohost.com/login.aspx?direct=true&amp;db=pzh&amp;jid=201408456&amp;site=ehost-live</subfield>
   </datafield>
   <datafield ind1=" " ind2=" " tag="949">
      <subfield code="h">UAIN</subfield>
      <subfield code="z">PSYCBOOKS</subfield>
   </datafield>
   <datafield ind1=" " ind2=" " tag="949">
      <subfield code="h">UAIN</subfield>
      <subfield code="m">CONCORDIA</subfield>
      <subfield code="z">PSYCBKSCON</subfield>
   </datafield>
   <datafield ind1=" " ind2=" " tag="949">
      <subfield code="h">UAIN</subfield>
      <subfield code="m">GR_MAC_INT</subfield>
      <subfield code="z">PSYCBKSGM</subfield>
   </datafield>
   <datafield ind1=" " ind2=" " tag="926">
      <subfield code="a">Internet Access</subfield>
      <subfield code="w">LC</subfield>
      <subfield code="c">1</subfield>
      <subfield code="i">6741090-1001</subfield>
      <subfield code="l">INTERNET</subfield>
      <subfield code="m">UAINTERNET</subfield>
      <subfield code="r">Y</subfield>
      <subfield code="s">Y</subfield>
      <subfield code="t">E-RESOURCE</subfield>
      <subfield code="u">11/21/2014</subfield>
      <subfield code="x">E-BOOK</subfield>
      <subfield code="z">PSYCBOOKS</subfield>
   </datafield>
   <datafield ind1=" " ind2=" " tag="926">
      <subfield code="a">Internet Access</subfield>
      <subfield code="w">LC</subfield>
      <subfield code="c">1</subfield>
      <subfield code="i">6741090-2001</subfield>
      <subfield code="l">INTERNET</subfield>
      <subfield code="m">CONCORDIA</subfield>
      <subfield code="r">Y</subfield>
      <subfield code="s">Y</subfield>
      <subfield code="t">E-RESOURCE</subfield>
      <subfield code="u">11/21/2014</subfield>
      <subfield code="x">E-BOOK</subfield>
      <subfield code="z">PSYCBKSCON</subfield>
   </datafield>
   <datafield ind1=" " ind2=" " tag="926">
      <subfield code="a">Internet Access</subfield>
      <subfield code="w">LC</subfield>
      <subfield code="c">1</subfield>
      <subfield code="i">6741090-3001</subfield>
      <subfield code="l">INTERNET</subfield>
      <subfield code="m">GR_MAC_INT</subfield>
      <subfield code="r">Y</subfield>
      <subfield code="s">Y</subfield>
      <subfield code="t">E-RESOURCE</subfield>
      <subfield code="u">11/21/2014</subfield>
      <subfield code="x">E-BOOK</subfield>
      <subfield code="z">PSYCBKSGM</subfield>
   </datafield>
</record>
